<?xml version="1.0" encoding="UTF-8"?><collection xmlns="http://www.loc.gov/MARC21/slim"><record><leader>00544nam--2200193-i-4500</leader><controlfield tag="001">000027144</controlfield><controlfield tag="002">20161230</controlfield><controlfield tag="005">20161230201036</controlfield><controlfield tag="008">060222s1000------------r-----000-0-fre-d</controlfield><datafield ind1=" " ind2=" " tag="040"><subfield code="a">IFIN-HH</subfield></datafield><datafield ind1=" " ind2=" " tag="041"><subfield code="a">fre</subfield></datafield><datafield ind1=" " ind2=" " tag="080"><subfield code="a">534(075):535(075)</subfield></datafield><datafield ind1="1" ind2=" " tag="100"><subfield code="a">Kock, Winston, E</subfield></datafield><datafield ind1="1" ind2="0" tag="245"><subfield code="a">Ondes sonores et ondes lumineuses. notions fondamentales sur les ondes. trad.par pierre csillag</subfield><subfield code="c">Winston e. kock</subfield></datafield><datafield ind1=" " ind2=" " tag="260"><subfield code="a">Paris</subfield><subfield code="b">Dunod</subfield><subfield code="c">1971</subfield></datafield><datafield ind1=" " ind2=" " tag="300"><subfield code="a">XII + 156P</subfield></datafield><datafield ind1=" " ind2=" " tag="490"><subfield code="a">Sciene-poche</subfield></datafield><datafield ind1=" " ind2=" " tag="852"><subfield code="a">40915</subfield><subfield code="c">53</subfield></datafield><datafield ind1=" " ind2=" " tag="CAT"><subfield code="a">Sys</subfield><subfield code="c">20150317</subfield><subfield code="h">091616</subfield></datafield></record></collection>